@online{boundary,
title = {The Stokes boundary},
url = {https://www.math.utoronto.ca/courses/mat237y1/20189/notes/Chapter5/S5.6.html},
note = {Accessed: 07/01/2025},
author = {University of Toronto, Mathematics Department},
}